<?xml version="1.0" encoding="utf-8"?>
<record xmlns="http://www.loc.gov/MARC21/slim" xmlns:xsi="http://www.w3.org/2001/XMLSchema-instance" xsi:schemaLocation="http://www.loc.gov/MARC21/slim http://www.loc.gov/standards/marcxml/schema/MARC21slim.xsd">
	<leader>     nam a22        4500</leader>
	<controlfield tag="001">2983858</controlfield>
	<controlfield tag="003">NNC</controlfield>
	<controlfield tag="006">m        d        </controlfield>
	<controlfield tag="007">cr cn |||m|||a</controlfield>
	<controlfield tag="008">171205s1966    ir      ob    001 0 ara d</controlfield>
	<datafield ind1=" " ind2=" " tag="040">
		<subfield code="a">NNU</subfield>
		<subfield code="b">eng</subfield>
		<subfield code="e">rda</subfield>
		<subfield code="c">NNU</subfield>
	</datafield>
	<datafield ind1=" " ind2="4" tag="050">
		<subfield code="a">PJ6670</subfield>
		<subfield code="b">.J3 1966</subfield>
	</datafield>
	<datafield ind1="1" ind2=" " tag="100">
		<subfield code="6">880-01</subfield>
		<subfield code="a">Jawālīqī, Mawhūb ibn Aḥmad,</subfield>
		<subfield code="d">1073 or 1074-1144.</subfield>
	</datafield>
	<datafield ind1="1" ind2="3" tag="245">
		<subfield code="6">880-02</subfield>
		<subfield code="a">al-Muʻarrab min al-kalām al-aʻjamī ʻalā ḥurūf al-muʻjam.</subfield>
		<subfield code="c">Taḥqīq wa-sharḥ Aḥmad Muḥammad shākir.</subfield>
	</datafield>
	<datafield ind1=" " ind2=" " tag="260">
		<subfield code="6">880-03</subfield>
		<subfield code="a">[Teherān] :</subfield>
		<subfield code="b">[publisher not identified],</subfield>
		<subfield code="c">1966.</subfield>
	</datafield>
	<datafield ind1=" " ind2=" " tag="300">
		<subfield code="a">online resource (455 pages)</subfield>
	</datafield>
	<datafield ind1=" " ind2=" " tag="336">
		<subfield code="a">text</subfield>
		<subfield code="2">rdacontent</subfield>
	</datafield>
	<datafield ind1=" " ind2=" " tag="337">
		<subfield code="a">computer</subfield>
		<subfield code="2">rdamedia</subfield>
	</datafield>
	<datafield ind1=" " ind2=" " tag="338">
		<subfield code="a">online resource</subfield>
		<subfield code="2">rdacarrier</subfield>
	</datafield>
	<datafield ind1=" " ind2=" " tag="500">
		<subfield code="a">&quot;Uʻīda ṭabʻuh bil-ūfsat.&quot;</subfield>
	</datafield>
	<datafield ind1=" " ind2=" " tag="500">
		<subfield code="a">Part of the Arabic Collections Online (ACO) project, contributed by Columbia University Libraries.</subfield>
	</datafield>
	<datafield ind1="0" ind2=" " tag="505">
		<subfield code="a">Also includes: Kitāb Takmilat iṣlāḥ mā taghlaṭ fīhi al-ʻammah/ taʼlīf ... al-Jawālīqī/ bi-taḥqīq ʻIzz al-Dīn al-Tanūkhī.</subfield>
	</datafield>
	<datafield ind1=" " ind2=" " tag="504">
		<subfield code="a">Includes bibliographical references (pages 444-455) and indexes.</subfield>
	</datafield>
	<datafield ind1=" " ind2=" " tag="533">
		<subfield code="a">Electronic reproduction.</subfield>
		<subfield code="b">New York, N.Y. :</subfield>
		<subfield code="c">New York University,</subfield>
		<subfield code="d">2017.</subfield>
		<subfield code="5">NNU</subfield>
	</datafield>
	<datafield ind1=" " ind2="0" tag="650">
		<subfield code="a">Arabic language</subfield>
		<subfield code="x">Foreign words and phrases.</subfield>
	</datafield>
	<datafield ind1=" " ind2="7" tag="650">
		<subfield code="a">Arabic language</subfield>
		<subfield code="x">Foreign words and phrases.</subfield>
		<subfield code="2">fast</subfield>
		<subfield code="0">(OCoLC)fst00812334</subfield>
	</datafield>
	<datafield ind1="1" ind2=" " tag="700">
		<subfield code="6">880-04</subfield>
		<subfield code="a">Shākir, Aḥmad Muḥammad.</subfield>
	</datafield>
	<datafield ind1="2" ind2=" " tag="710">
		<subfield code="a">Columbia University.</subfield>
		<subfield code="b">Libraries.</subfield>
	</datafield>
	<datafield ind1="0" ind2=" " tag="730">
		<subfield code="a">Arabic Collections Online.</subfield>
	</datafield>
	<datafield ind1="0" ind2="8" tag="776">
		<subfield code="6">880-05</subfield>
		<subfield code="i">Online version:</subfield>
		<subfield code="a">Jawālīqī, Mawhūb ibn Aḥmad, 1073 or 4-1144.</subfield>
		<subfield code="t">Muʻarrab min al-kalām al-aʻjamī ʻalā ḥurūf al-muʻjam.</subfield>
		<subfield code="d">Teheran [n.p.] 1966</subfield>
		<subfield code="w">(OCoLC)610025792</subfield>
	</datafield>
	<datafield ind1="0" ind2="8" tag="776">
		<subfield code="i">Print version:</subfield>
		<subfield code="a">Jawālīqī, Mawhūb ibn Aḥmad, 1073 or 1074-1144.</subfield>
		<subfield code="t">al-Muʻarrab min al-kalām al-aʻjamī ʻalā ḥurūf al-muʻjam</subfield>
		<subfield code="w">(NNC)2983858</subfield>
		<subfield code="w">(OCoLC)20166920</subfield>
	</datafield>
	<datafield ind1="4" ind2="0" tag="856">
		<subfield code="u">http://hdl.handle.net/2333.1/mpg4fb1j</subfield>
	</datafield>
	<datafield ind1="1" ind2=" " tag="880">
		<subfield code="6">100-01/r</subfield>
		<subfield code="a">‏جواليقى، موهوب بن أحمد،‏</subfield>
		<subfield code="d">‏1144-4 1073.</subfield>
	</datafield>
	<datafield ind1="1" ind2="3" tag="880">
		<subfield code="6">245-02/r</subfield>
		<subfield code="a">‏المعرب من الكلام الأعجمى على حروف المعجم /‏</subfield>
		<subfield code="b">‏لأبى منصور الجواليقى موهوب بن أحمد بن محمد بن الخضر ؛ بتحقيق وشرح أحمد محمد شاكر.</subfield>
	</datafield>
	<datafield ind1=" " ind2=" " tag="880">
		<subfield code="6">260-03/r</subfield>
		<subfield code="a">[طهران] :</subfield>
		<subfield code="b">[publisher not identified]،</subfield>
		<subfield code="c">1966.</subfield>
	</datafield>
	<datafield ind1="1" ind2=" " tag="880">
		<subfield code="6">700-04/r</subfield>
		<subfield code="a">‏شاكر، أحمد محمد.</subfield>
	</datafield>
	<datafield ind1="0" ind2="8" tag="880">
		<subfield code="6">776-05/r</subfield>
		<subfield code="i">Online version:</subfield>
		<subfield code="a">جواليقي، موهوب بن احمد، 1073 or 4-1144.</subfield>
		<subfield code="t">معرب من الكلام الاعجمي علا حروف المعجم.</subfield>
		<subfield code="d">طهران [ن.پ.] 1966</subfield>
		<subfield code="w">(ل)610025792</subfield>
	</datafield>
	<datafield ind1=" " ind2=" " tag="959">
		<subfield code="a">NNU</subfield>
		<subfield code="b">WEB</subfield>
		<subfield code="c">GENI</subfield>
		<subfield code="t">0</subfield>
		<subfield code="m">Electronic access</subfield>
		<subfield code="s">01</subfield>
	</datafield>
	<datafield ind1=" " ind2=" " tag="999">
		<subfield code="i">NNC_2983858</subfield>
		<subfield code="o">(OCoLC)ocm20166920</subfield>
		<subfield code="s">columbia_aco002658</subfield>
		<subfield code="e">(ERROR-880)</subfield>
		<subfield code="s">columbia_aco002658</subfield>
	</datafield>
</record>
